<record><leader>00000cas a22000007a 4500</leader><controlfield tag="001">8776754</controlfield><controlfield tag="008">820915d18251826gauwr ne      0    0eng  </controlfield><datafield ind1=" " ind2=" " tag="010"><subfield code="a">sn 82014300 </subfield></datafield><datafield ind1=" " ind2=" " tag="040"><subfield code="a">DLC</subfield><subfield code="b">eng</subfield><subfield code="c">DLC</subfield><subfield code="d">NPX</subfield><subfield code="d">DLC</subfield><subfield code="d">NLG</subfield><subfield code="d">OCLCQ</subfield></datafield><datafield ind1=" " ind2=" " tag="042"><subfield code="a">msc</subfield></datafield><datafield ind1="0" ind2="0" tag="050"><subfield code="a">Newspaper 7488-X</subfield></datafield><datafield ind1="0" ind2=" " tag="130"><subfield code="a">Columbian centinel (Athens, Ga.)</subfield></datafield><datafield ind1="1" ind2="0" tag="245"><subfield code="a">Columbian centinel.</subfield></datafield><datafield ind1="1" ind2="3" tag="246"><subfield code="a">Columbian sentinel</subfield></datafield><datafield ind1=" " ind2=" " tag="260"><subfield code="a">Athens, Ga. :</subfield><subfield code="b">P.L. Robinson</subfield></datafield><datafield ind1=" " ind2=" " tag="300"><subfield code="a">v. ;</subfield><subfield code="c">68 cm.</subfield></datafield><datafield ind1=" " ind2=" " tag="310"><subfield code="a">Weekly</subfield></datafield><datafield ind1="0" ind2=" " tag="362"><subfield code="a">-v. 2, no. 52 (Dec. 15, 1826).</subfield></datafield><datafield ind1="1" ind2=" " tag="362"><subfield code="a">Began in 1825.</subfield></datafield><datafield ind1=" " ind2=" " tag="500"><subfield code="a">Printer: P.L. Robinson, &lt;1826&gt;.</subfield></datafield><datafield ind1=" " ind2=" " tag="588"><subfield code="a">Description based on: Vol. 2, no. 22 (Apr. 7, 1826).</subfield></datafield><datafield ind1=" " ind2=" " tag="752"><subfield code="a">United States</subfield><subfield code="b">Georgia</subfield><subfield code="c">Clarke</subfield><subfield code="d">Athens.</subfield></datafield><datafield ind1="0" ind2="0" tag="785"><subfield code="t">Athenian (Athens, Ga.)</subfield><subfield code="w">(DLC)sn 85027027</subfield></datafield><datafield ind1="1" ind2=" " tag="029"><subfield code="a">AU@</subfield><subfield code="b">000025816076</subfield></datafield></record>